<record><leader>00000cas a2200000 a 4500</leader><controlfield tag="001">10357360</controlfield><controlfield tag="008">840131d18511854mauwr ne      0    0eng c</controlfield><datafield ind1=" " ind2=" " tag="010"><subfield code="a">sn 84022230 </subfield></datafield><datafield ind1=" " ind2=" " tag="040"><subfield code="a">NPX</subfield><subfield code="b">eng</subfield><subfield code="c">NPX</subfield><subfield code="d">DLC</subfield><subfield code="d">NPH</subfield><subfield code="d">MGN</subfield><subfield code="d">CNK</subfield><subfield code="d">CVF</subfield><subfield code="d">CUI</subfield><subfield code="d">OCLCQ</subfield><subfield code="d">OCLCF</subfield><subfield code="d">OCLCO</subfield></datafield><datafield ind1="1" ind2=" " tag="029"><subfield code="a">AU@</subfield><subfield code="b">000025815132</subfield></datafield><datafield ind1=" " ind2=" " tag="042"><subfield code="a">pcc</subfield></datafield><datafield ind1=" " ind2=" " tag="043"><subfield code="a">n-us-ma</subfield></datafield><datafield ind1="0" ind2="0" tag="050"><subfield code="a">Newspaper 8160-X</subfield></datafield><datafield ind1=" " ind2="4" tag="050"><subfield code="a">AN</subfield></datafield><datafield ind1="0" ind2=" " tag="130"><subfield code="a">Weekly commonwealth (Boston, Mass.)</subfield></datafield><datafield ind1="1" ind2="0" tag="245"><subfield code="a">Weekly commonwealth.</subfield></datafield><datafield ind1=" " ind2=" " tag="260"><subfield code="a">Boston [Mass.] :</subfield><subfield code="b">Joseph Lyman,</subfield><subfield code="c">1851-1854.</subfield></datafield><datafield ind1=" " ind2=" " tag="300"><subfield code="a">4 v. :</subfield><subfield code="b">ill. ;</subfield><subfield code="c">70 cm.</subfield></datafield><datafield ind1=" " ind2=" " tag="310"><subfield code="a">Weekly</subfield></datafield><datafield ind1="0" ind2=" " tag="362"><subfield code="a">Vol. 1, no. 29 (July 19, 1850 [i.e. 1851])-v. 4, no. 38 (Sept. 23, 1854).</subfield></datafield><datafield ind1=" " ind2=" " tag="580"><subfield code="a">Daily eds.: Commonwealth (Boston, Mass. : 1851), and: Daily commonwealth (Boston, Mass.), and: Evening commonwealth.</subfield></datafield><datafield ind1=" " ind2="0" tag="651"><subfield code="a">Boston (Mass.)</subfield><subfield code="v">Newspapers.</subfield></datafield><datafield ind1=" " ind2="0" tag="651"><subfield code="a">Suffolk County (Mass.)</subfield><subfield code="v">Newspapers.</subfield></datafield><datafield ind1=" " ind2="7" tag="655"><subfield code="a">Newspapers.</subfield><subfield code="2">fast</subfield><subfield code="0">(OCoLC)fst01423814</subfield></datafield><datafield ind1=" " ind2="7" tag="651"><subfield code="a">Massachusetts</subfield><subfield code="z">Boston.</subfield><subfield code="2">fast</subfield><subfield code="0">(OCoLC)fst01205012</subfield></datafield><datafield ind1=" " ind2="7" tag="651"><subfield code="a">Massachusetts</subfield><subfield code="z">Suffolk County.</subfield><subfield code="2">fast</subfield><subfield code="0">(OCoLC)fst01206189</subfield></datafield><datafield ind1=" " ind2=" " tag="752"><subfield code="a">United States</subfield><subfield code="b">Massachusetts</subfield><subfield code="c">Suffolk</subfield><subfield code="d">Boston.</subfield></datafield><datafield ind1="1" ind2=" " tag="775"><subfield code="t">Commonwealth (Boston, Mass. : 1851)</subfield><subfield code="w">(DLC)sn 84022221</subfield><subfield code="w">(OCoLC)10352983</subfield></datafield><datafield ind1="1" ind2=" " tag="775"><subfield code="t">Daily commonwealth (Boston, Mass.)</subfield><subfield code="w">(DLC)sn 84022224</subfield><subfield code="w">(OCoLC)10353576</subfield></datafield><datafield ind1="1" ind2=" " tag="775"><subfield code="t">Evening commonwealth</subfield><subfield code="w">(DLC)sn 84022227</subfield><subfield code="w">(OCoLC)10354477</subfield></datafield><datafield ind1="0" ind2="0" tag="780"><subfield code="t">Commonwealth &amp; emancipator</subfield><subfield code="w">(DLC)sn 84022229</subfield><subfield code="w">(OCoLC)10354752</subfield></datafield><datafield ind1="0" ind2="7" tag="785"><subfield code="t">Massachusetts life boat</subfield><subfield code="w">(DLC)sn 88079421</subfield><subfield code="w">(OCoLC)15533754</subfield></datafield><datafield ind1="0" ind2="7" tag="785"><subfield code="t">Weekly telegraph (Boston, Mass.)</subfield><subfield code="w">(DLC)sn 84022231</subfield><subfield code="w">(OCoLC)10357475</subfield></datafield></record>